
@article{__2021,
	title = {联邦学习隐私保护研究进展},
	volume = {7},
	number = {3},
	journal = {大数据},
	author = {{王健宗} and {孔令炜} and {黄章成} and {陈霖捷} and {刘懿} and {卢春曦} and {肖京}},
	year = {2021},
	pages = {2021030},
	file = {Full Text:C\:\\Users\\lenovo\\Zotero\\storage\\2TN67TBA\\王健宗 等 - 2021 - 联邦学习隐私保护研究进展.pdf:application/pdf;Snapshot:C\:\\Users\\lenovo\\Zotero\\storage\\FITCC88M\\2021030.html:text/html},
}

@article{__2021-1,
	title = {联邦学习研究综述},
	volume = {7},
	number = {5},
	journal = {网络与信息安全学报},
	author = {{周传鑫} and {孙奕} and {汪德刚} and {葛桦玮}},
	year = {2021},
	pages = {77--92},
	file = {Full Text:C\:\\Users\\lenovo\\Zotero\\storage\\TTHDASR8\\周传鑫 等 - 2021 - 联邦学习研究综述.pdf:application/pdf;Snapshot:C\:\\Users\\lenovo\\Zotero\\storage\\LPZWKLVN\\j.issn.2096-109x.html:text/html},
}

@article{__2021-2,
	title = {联邦学习中的隐私保护技术},
	volume = {33},
	number = {3},
	journal = {软件学报},
	author = {{刘艺璇} and {陈红} and {刘宇涵} and {李翠平}},
	year = {2021},
	pages = {1057--1092},
	file = {Full Text:C\:\\Users\\lenovo\\Zotero\\storage\\852PPWLY\\刘艺璇 等 - 2021 - 联邦学习中的隐私保护技术.pdf:application/pdf},
}

@article{__2020,
	title = {联邦学习算法综述},
	volume = {6},
	number = {6},
	journal = {大数据},
	author = {{王健宗} and {孔令炜} and {黄章成} and {陈霖捷} and {刘懿} and {何安珣} and {肖京}},
	year = {2020},
	pages = {0},
	file = {Full Text:C\:\\Users\\lenovo\\Zotero\\storage\\SQJWDKHI\\2096-0271-6-6-00064.html:text/html},
}

@article{__2022,
	title = {联邦学习概述: 技术, 应用及未来},
	volume = {28},
	shorttitle = {联邦学习概述},
	number = {7},
	journal = {计算机集成制造系统},
	author = {{李少波} and {杨磊} and {李传江} and {张安思} and {罗瑞士}},
	year = {2022},
	pages = {2119},
	file = {Snapshot:C\:\\Users\\lenovo\\Zotero\\storage\\SMP7U3EM\\2119.html:text/html},
}

@article{__2022-1,
	title = {联邦学习攻击与防御综述},
	journal = {大数据},
	author = {{吴建汉} and {司世景} and {王健宗} and {肖京}},
	year = {2022},
	pages = {1},
}

@article{__2020-1,
	title = {基于秘密分享和梯度选择的高效安全联邦学习},
	volume = {57},
	number = {10},
	journal = {计算机研究与发展},
	author = {{董业} and {侯炜} and {陈小军} and {曾帅}},
	year = {2020},
	pages = {2241--2250},
}

@article{__2022-2,
	title = {群体智能中的联邦学习算法综述},
	volume = {4},
	number = {1},
	journal = {智能科学与技术学报},
	author = {{杨强} and {童咏昕} and {王晏晟} and {范力欣} and {王薇} and {陈雷} and {王魏} and {康焱}},
	year = {2022},
	pages = {29--44},
}

@article{_ai_2019,
	title = {{AI} 与数据隐私保护: 联邦学习的破解之道},
	volume = {5},
	shorttitle = {{AI} 与数据隐私保护},
	number = {11},
	journal = {信息安全研究},
	author = {{杨强}},
	year = {2019},
	pages = {961--965},
}

@article{__2021-3,
	title = {基于区块链和联邦学习的边缘计算隐私保护方法},
	volume = {42},
	number = {11},
	journal = {通信学报},
	author = {{方晨} and {郭渊博} and {王一丰} and {胡永进} and {马佳利} and {张晗} and {胡阳阳}},
	year = {2021},
	pages = {28--40},
}
